@misc{napss90,
year = "1990",
title = "(Выписка из НАПСС-90)
Основные принципы организации поисково-спасательного обеспечения полетов авиации",
howpublished = "http://aviaclub.ru/uploads/media/PSO\_poljotov.pdf"
}
